@inproceedings{fujishima1999realtime,
  title={Realtime chord recognition of musical sound: A system using common lisp music},
  author={Fujishima, Takuya},
  booktitle={Proc. ICMC},
  volume={1999},
  pages={464--467},
  year={1999}
}

@inproceedings{oudre2009template,
  title={Template-based Chord Recognition: Influence of the Chord Types.},
  author={Oudre, Laurent and Grenier, Yves and F{\'e}votte, C{\'e}dric},
  booktitle={ISMIR},
  pages={153--158},
  year={2009}
}

@article{gomez2006tonal_a,
  title={Tonal description of polyphonic audio for music content processing},
  author={G{\'o}mez, Emilia},
  journal={INFORMS Journal on Computing},
  volume={18},
  number={3},
  pages={294--304},
  year={2006},
  publisher={INFORMS}
}

@article{kullback1951information,
  title={On information and sufficiency},
  author={Kullback, Solomon and Leibler, Richard A},
  journal={The annals of mathematical statistics},
  volume={22},
  number={1},
  pages={79--86},
  year={1951},
  publisher={JSTOR}
}

@book{duda2012pattern,
  title={Pattern classification},
  author={Duda, Richard O and Hart, Peter E and Stork, David G},
  year={2012},
  publisher={John Wiley \& Sons}
}

@inproceedings{bello2007audio,
  title={Audio-Based Cover Song Retrieval Using Approximate Chord Sequences: Testing Shifts, Gaps, Swaps and Beats.},
  author={Bello, Juan Pablo},
  booktitle={ISMIR},
  volume={7},
  pages={239--244},
  year={2007}
}

@article{lee2006identifying,
  title={Identifying cover songs from audio using harmonic representation},
  author={Lee, Kyogu},
  journal={extended abstract submitted to Music Information Retrieval eXchange task, Victoria, BC, Canada},
  year={2006},
  publisher={Citeseer}
}

@article{lee2008acoustic,
  title={Acoustic chord transcription and key extraction from audio using key-dependent HMMs trained on synthesized audio},
  author={Lee, Kyogu and Slaney, Malcolm},
  journal={IEEE Transactions on Audio, Speech, and Language Processing},
  volume={16},
  number={2},
  pages={291--301},
  year={2008},
  publisher={IEEE}
}

@inproceedings{lee2006automatic,
  title={Automatic chord recognition from audio using enhanced pitch class profile},
  author={Lee, Kyogu},
  booktitle={Proc. of the International Computer Music Conference},
  pages={26},
  year={2006}
}

@inproceedings{lee2007system,
  title={A system for automatic chord transcription from audio using genre-specific hidden Markov models},
  author={Lee, Kyogu},
  booktitle={International Workshop on Adaptive Multimedia Retrieval},
  pages={134--146},
  year={2007},
  organization={Springer}
}

@article{gomez2006tonal_b,
  title={Tonal description of music audio signals},
  author={G{\'o}mez, Emilia},
  journal={Department of Information and Communication Technologies},
  year={2006}
}

@phdthesis{chew2000towards,
  title={Towards a mathematical model of tonality},
  author={Chew, Elaine},
  year={2000},
  school={Massachusetts Institute of Technology}
}

@book{helmholtz2009sensations,
  title={On the Sensations of Tone as a Physiological Basis for the Theory of Music},
  author={Helmholtz, Hermann LF and Ellis, Alexander J},
  year={2009},
  publisher={Cambridge University Press}
}

@inproceedings{klapuri2006multiple,
  title={Multiple Fundamental Frequency Estimation by Summing Harmonic Amplitudes.},
  author={Klapuri, Anssi},
  booktitle={ISMIR},
  pages={216--221},
  year={2006}
}

@article{goto1999real,
  title={Real-time beat tracking for drumless audio signals: Chord change detection for musical decisions},
  author={Goto, Masataka and Muraoka, Yoichi},
  journal={Speech Communication},
  volume={27},
  number={3},
  pages={311--335},
  year={1999},
  publisher={Elsevier}
}

@inproceedings{ono2008separation,
  title={Separation of a monaural audio signal into harmonic/percussive components by complementary diffusion on spectrogram},
  author={Ono, Nobutaka and Miyamoto, Kenichi and Le Roux, Jonathan and Kameoka, Hirokazu and Sagayama, Shigeki},
  booktitle={Signal Processing Conference, 2008 16th European},
  pages={1--4},
  year={2008},
  organization={IEEE}
}

@inproceedings{ahonen2008identifying,
  title={Identifying cover songs using normalized compression distance},
  author={Ahonen, Teppo E and Lemstr{\"o}m, Kjell},
  booktitle={Proceedings of the International Workshop on Machine Learning and Music},
  year={2008}
}

@incollection{serra2010audio,
  title={Audio cover song identification and similarity: background, approaches, evaluation, and beyond},
  author={Serra, Joan and G{\'o}mez, Emilia and Herrera, Perfecto},
  booktitle={Advances in Music Information Retrieval},
  pages={307--332},
  year={2010},
  publisher={Springer}
}

@inproceedings{cheng2008automatic,
  title={Automatic chord recognition for music classification and retrieval},
  author={Cheng, Heng-Tze and Yang, Yi-Hsuan and Lin, Yu-Ching and Liao, I-Bin and Chen, Homer H},
  booktitle={2008 IEEE International Conference on Multimedia and Expo},
  pages={1505--1508},
  year={2008},
  organization={IEEE}
}

@article{perez2009genre,
  title={Genre classification using chords and stochastic language models},
  author={P{\'e}rez-Sancho, Carlos and Rizo, David and Inesta, Jos{\'e} M},
  journal={Connection science},
  volume={21},
  number={2-3},
  pages={145--159},
  year={2009},
  publisher={Taylor \& Francis}
}

@inproceedings{pauws2004musical,
  title={Musical key extraction from audio.},
  author={Pauws, Steffen},
  booktitle={ISMIR},
  year={2004}
}

@inproceedings{khadkevich2009use,
  title={Use of Hidden Markov Models and Factored Language Models for Automatic Chord Recognition.},
  author={Khadkevich, Maksim and Omologo, Maurizio},
  booktitle={ISMIR},
  pages={561--566},
  year={2009}
}

@inproceedings{pauwels2013evaluating,
  title={Evaluating automatically estimated chord sequences},
  author={Pauwels, Johan and Peeters, Geoffroy},
  booktitle={Acoustics, Speech and Signal Processing (ICASSP), 2013 IEEE International Conference on},
  pages={749--753},
  year={2013},
  organization={IEEE}
}

@inproceedings{raffel2014mir_eval,
  title={mir\_eval: A transparent implementation of common MIR metrics},
  author={Raffel, Colin and McFee, Brian and Humphrey, Eric J and Salamon, Justin and Nieto, Oriol and Liang, Dawen and Ellis, Daniel PW and Raffel, C Colin},
  booktitle={In Proceedings of the 15th International Society for Music Information Retrieval Conference, ISMIR},
  year={2014},
  organization={Citeseer}
}

@inproceedings{pauwels2010integrating,
  title={Integrating musicological knowledge into a probabilistic framework for chord and key extraction},
  author={Pauwels, Johan and Martens, Jean-Pierre},
  booktitle={Audio Engineering Society Convention 128},
  year={2010},
  organization={Audio Engineering Society}
}

@article{pauwels2014combining,
  title={Combining musicological knowledge about chords and keys in a simultaneous chord and local key estimation system},
  author={Pauwels, Johan and Martens, Jean-Pierre},
  journal={Journal of New Music Research},
  volume={43},
  number={3},
  pages={318--330},
  year={2014},
  publisher={Taylor \& Francis}
}

@inproceedings{scholz2009robust,
  title={Robust modeling of musical chord sequences using probabilistic N-grams},
  author={Scholz, Ricardo and Vincent, Emmanuel and Bimbot, Fr{\'e}d{\'e}ric},
  booktitle={2009 IEEE International Conference on Acoustics, Speech and Signal Processing},
  pages={53--56},
  year={2009},
  organization={IEEE}
}

@inproceedings{mauch2007discovering,
  title={Discovering chord idioms through Beatles and Real Book songs},
  author={Mauch, Matthias and Dixon, Simon and Harte, Christopher and others},
  booktitle={ISMIR},
  year={2007}
}

@inproceedings{mauch2010lyrics,
  title={Lyrics-to-audio alignment and phrase-level segmentation using incomplete internet-style chord annotations},
  author={Mauch, Matthias and Fujihara, Hiromasa and Goto, Masataka},
  booktitle={Proceedings of the 7th Sound and Music Computing Conference (SMC)},
  volume={27},
  pages={28--38},
  year={2010}
}

@inproceedings{mauch2009omras2,
  title={OMRAS2 metadata project 2009},
  author={Mauch, Matthias and Cannam, Chris and Davies, Matthew and Dixon, Simon and Harte, Christopher and Kolozali, Sefki and Tidhar, Dan and Sandler, Mark},
  booktitle={Proc. of 10th International Conference on Music Information Retrieval},
  pages={1},
  year={2009}
}

@inproceedings{harte2005automatic,
  title={Automatic chord identifcation using a quantised chromagram},
  author={Harte, Christopher and Sandler, Mark},
  booktitle={Audio Engineering Society Convention 118},
  year={2005},
  organization={Audio Engineering Society}
}

@inproceedings{harte2006detecting,
  title={Detecting harmonic change in musical audio},
  author={Harte, Christopher and Sandler, Mark and Gasser, Martin},
  booktitle={Proceedings of the 1st ACM workshop on Audio and music computing multimedia},
  pages={21--26},
  year={2006},
  organization={ACM}
}

@inproceedings{wakefield1999mathematical,
  title={Mathematical representation of joint time-chroma distributions},
  author={Wakefield, Gregory H},
  booktitle={SPIE's International Symposium on Optical Science, Engineering, and Instrumentation},
  pages={637--645},
  year={1999},
  organization={International Society for Optics and Photonics}
}

@inproceedings{varewyck2008novel,
  title={A novel chroma representation of polyphonic music based on multiple pitch tracking techniques},
  author={Varewyck, Matthias and Pauwels, Johan and Martens, Jean-Pierre},
  booktitle={Proceedings of the 16th ACM international conference on Multimedia},
  pages={667--670},
  year={2008},
  organization={ACM}
}

@article{shepard1964circularity,
  title={Circularity in judgments of relative pitch},
  author={Shepard, Roger N},
  journal={The Journal of the Acoustical Society of America},
  volume={36},
  number={12},
  pages={2346--2353},
  year={1964},
  publisher={Acoustical Society of America}
}

@book{boring1942sensation,
  title={Sensation and perception in the history of experimental psychology},
  author={Boring, Edwin Garrigues},
  year={1942},
  publisher={Appleton-Century-Crofts New York}
}

@inproceedings{su2001multi,
  title={Multi-timbre chord classification using wavelet transform and self-organized map neural networks},
  author={Su, Borching and Jeng, Shyh-Kang},
  booktitle={In Proc. ICASSP},
  year={2001},
  organization={Citeseer}
}

@inproceedings{zenz2007automatic,
  title={Automatic chord detection incorporating beat and key detection},
  author={Zenz, Veronika and Rauber, Andreas},
  booktitle={Signal Processing and Communications, 2007. ICSPC 2007. IEEE International Conference on},
  pages={1175--1178},
  year={2007},
  organization={IEEE}
}

@inproceedings{bello2000techniques,
  title={Techniques for Automatic Music Transcription.},
  author={Bello, Juan Pablo and Monti, Giuliano and Sandler, Mark B and others},
  booktitle={ISMIR},
  year={2000}
}

@phdthesis{harte2010towards,
  title={Towards automatic extraction of harmony information from music signals},
  author={Harte, Christopher},
  year={2010},
  school={Department of Electronic Engineering, Queen Mary, University of London}
}

@article{pollack2000notes,
  title={Notes on... series},
  author={Pollack, Alan W},
  journal={soundscapes. info},
  year={2000}
}

@article{downie2008music,
  title={The music information retrieval evaluation exchange (2005-2007): A window into music information retrieval research},
  author={Downie, J Stephen},
  journal={Acoustical Science and Technology},
  volume={29},
  number={4},
  pages={247--255},
  year={2008},
  publisher={Acoustical Society of Japan}
}

@inproceedings{mauch2010approximate,
  title={Approximate Note Transcription for the Improved Identification of Difficult Chords.},
  author={Mauch, Matthias and Dixon, Simon},
  booktitle={ISMIR},
  pages={135--140},
  year={2010}
}

@inproceedings{mauch2009using,
  title={Using Musical Structure to Enhance Automatic Chord Transcription.},
  author={Mauch, Matthias and Noland, Katy and Dixon, Simon},
  booktitle={ISMIR},
  pages={231--236},
  year={2009}
}

@phdthesis{mauch2010automatic,
  title={Automatic chord transcription from audio using computational models of musical context},
  author={Mauch, Matthias},
  year={2010},
  school={School of Electronic Engineering and Computer Science Queen Mary, University of London}
}

@inproceedings{davies2009towards,
  title={Towards a musical beat emphasis function.},
  author={Davies, Matthew EP and Plumbley, Mark D and Eck, Douglas},
  booktitle={WASPAA},
  pages={61--64},
  year={2009}
}

@book{bregman1994auditory,
  title={Auditory scene analysis: The perceptual organization of sound},
  author={Bregman, Albert S},
  year={1994},
  publisher={MIT press}
}

@article{wertheimer1944gestalt,
  title={Gestalt theory},
  author={Wertheimer, Max and Riezler, Kurt},
  journal={Social Research},
  pages={78--99},
  year={1944},
  publisher={JSTOR}
}

@article{ni2012end,
  title={An end-to-end machine learning system for harmonic analysis of music},
  author={Ni, Yizhao and McVicar, Matt and Santos-Rodriguez, Raul and De Bie, Tijl},
  journal={Audio, Speech, and Language Processing, IEEE Transactions on},
  volume={20},
  number={6},
  pages={1771--1783},
  year={2012},
  publisher={IEEE}
}

@article{ni2013understanding,
  title={Understanding effects of subjectivity in measuring chord estimation accuracy},
  author={Ni, Yizhao and McVicar, Matt and Santos-Rodriguez, Raul and De Bie, Tijl},
  journal={IEEE Transactions on Audio, Speech, and Language Processing},
  volume={21},
  number={12},
  pages={2607--2615},
  year={2013},
  publisher={IEEE}
}

@misc{cannam2013mirex,
  title={MIREX 2013 entry: Vamp plugins from the centre for digital music},
  author={Cannam, Chris and Mauch, Matthias and Davies, Matthew EP and Dixon, Simon and Landone, Christian and Noland, Katy and Levy, Mark and Zanoni, Massimiliano and Stowell, Dan and Figueira, Lu{\i}s A},
  year={2013},
  publisher={MIREX}
}

@misc{deng2015mirex,
  title={MIREX 2015 Submission: Automatic Chord Estimation with Chord Correction Using Neural Network},
  author={Junqi Deng, Yu-Kwong Kwok},
  year={2015},
  publisher={MIREX}
}

@inproceedings{deng2014wijam,
  title={WIJAM: a mobile collaborative improvisation platform under Master-players Paradigm},
  author={Deng, JQ and Lau, Francis Chi-Moon and Ng, Ho-Cheung and Kwok, Yu-Kwong and Chen, Hung-Kwan and Liu, YH},
  booktitle={Proceedings of the International Conference on New Interfaces for Musical Expression},
  year={2014},
  organization={Goldsmiths University of London.}
}

@inproceedings{deng2014armkeyboard,
  title={ArmKeyBoard: a mobile keyboard instrument based on chord-scale system and tonal hierarchy},
  author={Deng, JQ and Lau, Francis Chi Moon and Kwok, YK},
  booktitle={Proceedings of the Joint 40th International Computer Music Conference (ICMC) and the 11th Sound and Music Computing Conference (SMC) 2014},
  year={2014},
  organization={National and Kapodistrian University of Athens.}
}

@inproceedings{graves2006connectionist,
  title={Connectionist temporal classification: labelling unsegmented sequence data with recurrent neural networks},
  author={Graves, Alex and Fern{\'a}ndez, Santiago and Gomez, Faustino and Schmidhuber, J{\"u}rgen},
  booktitle={Proceedings of the 23rd international conference on Machine learning},
  pages={369--376},
  year={2006},
  organization={ACM}
}

@book{bourlard2012connectionist,
  title={Connectionist speech recognition: a hybrid approach},
  author={Bourlard, Herve A and Morgan, Nelson},
  volume={247},
  year={2012},
  publisher={Springer Science \& Business Media}
}

@phdthesis{cho2014improved,
  title={Improved techniques for automatic chord recognition from music audio signals},
  author={Cho, Taemin},
  year={2014},
  school={NEW YORK UNIVERSITY}
}

@inproceedings{cho2011feature,
  title={A feature smoothing method for chord recognition using recurrence plots},
  booktitle={ISMIR},
  author={Cho, Taemin and Bello, Juan P},
  year={2011}
}

@phdthesis{oudre2010template,
  title={Template-based chord recognition from audio signals},
  author={Oudre, Laurent},
  year={2010},
  school={TELECOM ParisTech}
}

@phdthesis{humphrey2015exploration,
  title={An Exploration of Deep Learning in Music Informatics.},
  author={Humphrey, Eric},
  year={2015},
  school={NEW YORK UNIVERSITY}
}

@inproceedings{humphrey2012learning,
  title={Learning a robust tonnetz-space transform for automatic chord recognition},
  author={Humphrey, Eric J and Cho, Taemin and Bello, Juan P},
  booktitle={2012 IEEE International Conference on Acoustics, Speech and Signal Processing (ICASSP)},
  pages={453--456},
  year={2012},
  organization={IEEE}
}

@article{mauchsimple,
  title={SIMPLE CHORD ESTIMATE: SUBMISSION TO THE MIREX CHORD ESTIMATION TASK},
  author={Mauch, Matthias},
  journal={Music Information Retrieval Evaluation Exchange (MIREX)},
  year={2010},
}

@article{mauch2010mirex,
  title={MIREX 2010: Chord detection using a dynamic bayesian network},
  author={Mauch, Matthias and Dixon, Simon},
  journal={Music Information Retrieval Evaluation Exchange (MIREX)},
  year={2010}
}

@inproceedings{harte2005symbolic,
  title={Symbolic Representation of Musical Chords: A Proposed Syntax for Text Annotations.},
  author={Harte, Christopher and Sandler, Mark B and Abdallah, Samer A and G{\'o}mez, Emilia},
  booktitle={ISMIR},
  volume={5},
  pages={66--71},
  year={2005}
}

@inproceedings{burgoyne2014comparative,
  title={On Comparative Statistics for Labelling Tasks: What can We Learn from MIREX ACE 2013},
  author={Burgoyne, J Ashley and de Haas, W Bas and Pauwels, Johan},
  booktitle={Proceedings of the 15th Conference of the International Society for Music Information Retrieval (ISMIR 2014)},
  pages={525--530},
  year={2014}
}

@inproceedings{humphreyfour,
  title={Four Timely Insights on Automatic Chord Estimation},
  author={Humphrey, Eric J and Bello, Juan P},
  booktitle={Proceedings of the 16th Conference of the International Society for Music Information Retrieval (ISMIR 2015)},
  year={2015}
}

@inproceedings{abdallah2005theory,
  title={Theory and evaluation of a Bayesian music structure extractor},
  author={Abdallah, Samer and Noland, Katy and Sandler, Mark and Casey, Michael A and Rhodes, Christophe and others},
  booktitle={ISMIR},
  year={2005}
}

@inproceedings{burgoyne2011expert,
  title={An Expert Ground Truth Set for Audio Chord Recognition and Music Analysis.},
  author={Burgoyne, John Ashley and Wild, Jonathan and Fujinaga, Ichiro},
  booktitle={ISMIR},
  volume={11},
  pages={633--638},
  year={2011}
}

@inproceedings{burgoyne2005learning,
  title={Learning Harmonic Relationships in Digital Audio with Dirichlet-Based Hidden Markov Models.},
  author={Burgoyne, John Ashley and Saul, Lawrence K},
  booktitle={ISMIR},
  pages={438--443},
  year={2005}
}

@inproceedings{bello2005robust,
  title={A Robust Mid-Level Representation for Harmonic Content in Music Signals.},
  author={Bello, Juan Pablo and Pickens, Jeremy},
  booktitle={ISMIR},
  volume={5},
  pages={304--311},
  year={2005}
}

@inproceedings{sheh2003chord,
  title={Chord segmentation and recognition using EM-trained hidden Markov models},
  author={Sheh, Alexander and Ellis, Daniel PW},
  booktitle={Proc. ISMIR},
  volume={2003},
  pages={185--191},
  year={2003},
  publisher={International Symposium on Music Information Retrieval}
}

@inproceedings{papadopoulos2008simultaneous,
  title={Simultaneous estimation of chord progression and downbeats from an audio file},
  author={Papadopoulos, H{\'e}lene and Peeters, Geoffroy},
  booktitle={Acoustics, Speech and Signal Processing, 2008. ICASSP 2008. IEEE International Conference on},
  pages={121--124},
  year={2008},
  organization={IEEE}
}

@phdthesis{papadopoulos2010joint,
  title={Joint estimation of musical content information from an audio signal},
  author={Papadopoulos, H{\'e}lene},
  year={2010},
  school={Universit{\'e} Pierre et Marie Curie-Paris VI}
}

@article{de2012music,
  title={Music information retrieval based on tonal harmony},
  author={De Haas, WB and others},
  year={2012},
  publisher={Utrecht University}
}

@incollection{catteau2007probabilistic,
  title={A probabilistic framework for audio-based tonal key and chord recognition},
  author={Catteau, Benoit and Martens, Jean-Pierre and Leman, Marc},
  booktitle={Advances in data analysis},
  pages={637--644},
  year={2007},
  publisher={Springer}
}

@inproceedings{khadkevich2011time,
  title={Time-frequency reassigned features for automatic chord recognition},
  author={Khadkevich, Maksim and Omologo, Maurizio},
  booktitle={Acoustics, Speech and Signal Processing (ICASSP), 2011 IEEE International Conference on},
  pages={181--184},
  year={2011},
  organization={IEEE}
}

@phdthesis{khadkevich2011music,
  title={Music signal processing for automatic extraction of harmonic and rhythmic information},
  author={Khadkevich, Maksim},
  year={2011},
  school={University of Trento}
}

@inproceedings{sumi2008automatic,
  title={Automatic Chord Recognition Based on Probabilistic Integration of Chord Transition and Bass Pitch Estimation.},
  author={Sumi, Kouhei and Itoyama, Katsutoshi and Yoshii, Kazuyoshi and Komatani, Kazunori and Ogata, Tetsuya and Okuno, Hiroshi G},
  booktitle={ISMIR},
  pages={39--44},
  year={2008}
}

@inproceedings{reinhard2008enhancing,
  title={Enhancing chord classification through neighbourhood histograms},
  author={Reinhard, Johannes and Stober, Sebastian and Nurnberger, Andreas},
  booktitle={2008 International Workshop on Content-Based Multimedia Indexing},
  pages={33--40},
  year={2008},
  organization={IEEE}
}

@article{cho2013mirex,
  title={MIREX 2013: Large Vocabulary Chord Recognition System using Multi-band Features and a Multi-stream HMM},
  author={Cho, Taemin and Bello, Juan P},
  journal={Music Information Retrieval Evaluation eXchange (MIREX)},
  year={2013}
}

@inproceedings{cho2009real,
  title={Real-time implementation of HMM-based chord estimation in musical audio},
  author={Cho, Taemin and Bello, Juan P},
  booktitle={Proceedings of the International Computer Music Conference (ICMC)},
  pages={16--21},
  year={2009},
  organization={Citeseer}
}

@inproceedings{boulanger2013audio,
  title={Audio Chord Recognition with Recurrent Neural Networks.},
  author={Boulanger-Lewandowski, Nicolas and Bengio, Yoshua and Vincent, Pascal},
  booktitle={ISMIR},
  pages={335--340},
  year={2013}
}

@article{boulanger2012modeling,
  title={Modeling temporal dependencies in high-dimensional sequences: Application to polyphonic music generation and transcription},
  author={Boulanger-Lewandowski, Nicolas and Bengio, Yoshua and Vincent, Pascal},
  journal={arXiv preprint arXiv:1206.6392},
  year={2012}
}

@inproceedings{zhang2008chord,
  title={Chord Recognition using Instrument Voicing Constraints.},
  author={Zhang, Xinglin and Gerhard, David},
  booktitle={ISMIR},
  pages={33--38},
  year={2008}
}

@article{ellis20072007,
  title={The 2007 labrosa cover song detection system},
  author={Ellis, Daniel PW and Cotton, C},
  journal={MIREX extended abstract},
  year={2007}
}

@article{mcvicar2011using,
  title={Using online chord databases to enhance chord recognition},
  author={McVicar, Matt and Ni, Yizhao and Santos-Rodriguez, Raul and De Bie, Tijl},
  journal={Journal of New Music Research},
  volume={40},
  number={2},
  pages={139--152},
  year={2011},
  publisher={Taylor \& Francis}
}

@article{mcvicar2014automatic,
  title={Automatic chord estimation from audio: A review of the state of the art},
  author={McVicar, Matt and Santos-Rodr{\'\i}guez, Ra{\'u}l and Ni, Yizhao and De Bie, Tijl},
  journal={Audio, Speech, and Language Processing, IEEE/ACM Transactions on},
  volume={22},
  number={2},
  pages={556--575},
  year={2014},
  publisher={IEEE}
}

@phdthesis{mcvicar2013machine,
  title={A Machine Learning Approach to Automatic Chord Extraction},
  author={McVicar, Matthew},
  year={2013},
  school={University of Bristol}
}

@inproceedings{mauch2008discrete,
  title={A Discrete Mixture Model for Chord Labelling.},
  author={Mauch, Matthias and Dixon, Simon},
  booktitle={ISMIR},
  pages={45--50},
  year={2008}
}

@article{zeiler2012adadelta,
  title={ADADELTA: an adaptive learning rate method},
  author={Zeiler, Matthew D},
  journal={arXiv preprint arXiv:1212.5701},
  year={2012}
}

@inproceedings{humphrey2012rethinking,
  title={Rethinking automatic chord recognition with convolutional neural networks},
  author={Humphrey, Eric J and Bello, Juan P},
  booktitle={Machine Learning and Applications (ICMLA), 2012 11th International Conference on},
  volume={2},
  pages={357--362},
  year={2012},
  organization={IEEE}
}

@article{srivastava2014dropout,
  title={Dropout: a simple way to prevent neural networks from overfitting.},
  author={Srivastava, Nitish and Hinton, Geoffrey E and Krizhevsky, Alex and Sutskever, Ilya and Salakhutdinov, Ruslan},
  journal={Journal of Machine Learning Research},
  volume={15},
  number={1},
  pages={1929--1958},
  year={2014}
}

@article{rosenblatt1958perceptron,
  title={The perceptron: a probabilistic model for information storage and organization in the brain.},
  author={Rosenblatt, Frank},
  journal={Psychological review},
  volume={65},
  number={6},
  pages={386},
  year={1958},
  publisher={American Psychological Association}
}

@book{rumelhart1988parallel,
  title={Parallel distributed processing},
  author={Rumelhart, David E and McClelland, James L and PDP Research Group and others},
  volume={1},
  year={1988},
  publisher={IEEE}
}

@article{hinton2006reducing,
  title={Reducing the dimensionality of data with neural networks},
  author={Hinton, Geoffrey E and Salakhutdinov, Ruslan R},
  journal={Science},
  volume={313},
  number={5786},
  pages={504--507},
  year={2006},
  publisher={American Association for the Advancement of Science}
}

@article{hinton1995wake,
  title={The" wake-sleep" algorithm for unsupervised neural networks},
  author={Hinton, Geoffrey E and Dayan, Peter and Frey, Brendan J and Neal, Radford M},
  journal={Science},
  volume={268},
  number={5214},
  pages={1158},
  year={1995},
  publisher={The American Association for the Advancement of Science}
}

@article{hinton2010practical,
  title={A practical guide to training restricted Boltzmann machines},
  author={Hinton, Geoffrey},
  journal={Momentum},
  volume={9},
  number={1},
  pages={926},
  year={2010}
}

@techreport{smolensky1986information,
  title={Information processing in dynamical systems: Foundations of harmony theory},
  author={Smolensky, Paul},
  year={1986},
  institution={DTIC Document}
}

@article{rumelhart1988learning,
  title={Learning representations by back-propagating errors},
  author={Rumelhart, David E and Hinton, Geoffrey E and Williams, Ronald J},
  journal={Cognitive modeling},
  volume={5},
  number={3},
  pages={1},
  year={1988}
}

@article{humphrey2013feature,
  title={Feature learning and deep architectures: new directions for music informatics},
  author={Humphrey, Eric J and Bello, Juan P and LeCun, Yann},
  journal={Journal of Intelligent Information Systems},
  volume={41},
  number={3},
  pages={461--481},
  year={2013},
  publisher={Springer}
}

@inproceedings{hamel2010learning,
  title={Learning Features from Music Audio with Deep Belief Networks.},
  author={Hamel, Philippe and Eck, Douglas},
  booktitle={ISMIR},
  pages={339--344},
  year={2010},
  organization={Utrecht, The Netherlands}
}

@incollection{prechelt1998early,
  title={Early stopping-but when?},
  author={Prechelt, Lutz},
  booktitle={Neural Networks: Tricks of the trade},
  pages={55--69},
  year={1998},
  publisher={Springer}
}

@article{prechelt1998automatic,
  title={Automatic early stopping using cross validation: quantifying the criteria},
  author={Prechelt, Lutz},
  journal={Neural Networks},
  volume={11},
  number={4},
  pages={761--767},
  year={1998},
  publisher={Elsevier}
}

@article{hinton2006fast,
  title={A fast learning algorithm for deep belief nets},
  author={Hinton, Geoffrey E and Osindero, Simon and Teh, Yee-Whye},
  journal={Neural computation},
  volume={18},
  number={7},
  pages={1527--1554},
  year={2006},
  publisher={MIT Press}
}

@inproceedings{tieleman2008training,
  title={Training restricted Boltzmann machines using approximations to the likelihood gradient},
  author={Tieleman, Tijmen},
  booktitle={Proceedings of the 25th international conference on Machine learning},
  pages={1064--1071},
  year={2008},
  organization={ACM}
}
@article{deng2014deep,
  title={Deep learning: methods and applications},
  author={Deng, Li and Yu, Dong},
  journal={Foundations and Trends in Signal Processing},
  volume={7},
  number={3--4},
  pages={197--387},
  year={2014},
  publisher={Now Publishers Inc.}
}

@article{lecun2015deep,
  title={Deep learning},
  author={LeCun, Yann and Bengio, Yoshua and Hinton, Geoffrey},
  journal={Nature},
  volume={521},
  number={7553},
  pages={436--444},
  year={2015},
  publisher={Nature Publishing Group}
}

@article{lecun1995convolutional,
  title={Convolutional networks for images, speech, and time series},
  author={LeCun, Yann and Bengio, Yoshua},
  journal={The handbook of brain theory and neural networks},
  volume={3361},
  number={10},
  pages={1995},
  year={1995}
}

@article{elman1990finding,
  title={Finding structure in time},
  author={Elman, Jeffrey L},
  journal={Cognitive science},
  volume={14},
  number={2},
  pages={179--211},
  year={1990},
  publisher={Elsevier}
}

@inproceedings{jordan1986attractor,
  title={Attractor dynamics and parallellism in a connectionist sequential machine},
  author={Jordan, Michael I},
  booktitle={In Proceedings of the Eighth Annual Meeting of the Cognitive Science Society},
  pages={531--546},
  year={1986},
  publisher={Lawrence Erlbaum Associates}
}

@article{lang1990time,
  title={A time-delay neural network architecture for isolated word recognition},
  author={Lang, Kevin J and Waibel, Alex H and Hinton, Geoffrey E},
  journal={Neural networks},
  volume={3},
  number={1},
  pages={23--43},
  year={1990},
  publisher={Elsevier}
}

@article{werbos1990backpropagation,
  title={Backpropagation through time: what it does and how to do it},
  author={Werbos, Paul J},
  journal={Proceedings of the IEEE},
  volume={78},
  number={10},
  pages={1550--1560},
  year={1990},
  publisher={IEEE}
}

@article{bengio2009learning,
  title={Learning deep architectures for AI},
  author={Bengio, Yoshua},
  journal={Foundations and trends{\textregistered} in Machine Learning},
  volume={2},
  number={1},
  pages={1--127},
  year={2009},
  publisher={Now Publishers Inc.}
}

@inproceedings{maas2011learning,
  title={Learning word vectors for sentiment analysis},
  author={Maas, Andrew L and Daly, Raymond E and Pham, Peter T and Huang, Dan and Ng, Andrew Y and Potts, Christopher},
  booktitle={Proceedings of the 49th Annual Meeting of the Association for Computational Linguistics: Human Language Technologies-Volume 1},
  pages={142--150},
  year={2011},
  organization={Association for Computational Linguistics}
}

@article{hochreiter1997long,
  title={Long short-term memory},
  author={Hochreiter, Sepp and Schmidhuber, J{\"u}rgen},
  journal={Neural computation},
  volume={9},
  number={8},
  pages={1735--1780},
  year={1997},
  publisher={MIT Press}
}

@inproceedings{sigtia2015audio,
  title={Audio Chord Recognition with a Hybrid Recurrent Neural Network},
  author={Sigtia, Siddharth and Boulanger-Lewandowski, Nicolas and Dixon, Simon},
  booktitle={Proceedings of the 16th International Society for Music Information Retrieval Conference (ISMIR 2015). Malaga, Spain},
  year={2015}
}

@inproceedings{sigtia2014improved,
  title={Improved music feature learning with deep neural networks},
  author={Sigtia, Siddharth and Dixon, Simon},
  booktitle={2014 IEEE international conference on acoustics, speech and signal processing (ICASSP)},
  pages={6959--6963},
  year={2014},
  organization={IEEE}
}

@article{hu2015safedj,
  title={SAfeDJ: A Crowd-Cloud Codesign Approach to Situation-Aware Music Delivery for Drivers},
  author={Hu, Xiping and Deng, Junqi and Zhao, Jidi and Hu, Wenyan and Ngai, Edith C-H and Wang, Renfei and Shen, Johnny and Liang, Min and Li, Xitong and Leung, Victor and others},
  journal={ACM Transactions on Multimedia Computing, Communications, and Applications (TOMM)},
  volume={12},
  number={1s},
  pages={21},
  year={2015},
  publisher={ACM}
}

@inproceedings{hu2014poster,
  title={Poster--SAfeDJ community: situation-aware in-car music delivery for safe driving},
  author={Hu, Xiping and Deng, Junqi and Hu, Wenyan and Fotopoulos, Georgios and Ngai, Edith C-H and Sheng, Zhengguo and Liang, Min and Li, Xitong and Leung, Victor and Fels, Sidney},
  booktitle={Proceedings of the 20th annual international conference on Mobile computing and networking},
  pages={363--366},
  year={2014},
  organization={ACM}
}

@inproceedings{deng2016chord,
  title={Automatic Chord Estimation on SeventhsBass Chord Vocabulary Using Deep Neural Network},
  author={Deng, Junqi and Kwok, Yu-Kwong},
  booktitle={Proceedings of the 41th International Conference on Acoustics, Speech and Signal Processing (ICASSP 2016). Shanghai, China},
  year={2016}
}

@inproceedings{deng2016hybrid,
  title={A Hybrid Gaussian-HMM-Deep-Learning Approach For Automatic Chord Estimation With Very Large Vocabulary},
  author={Deng, Junqi and Kwok, Yu-Kwong},
  booktitle={ISMIR},
  year={2016}
}

@misc{dengmirex,
  title={{MIREX} 2015 SUBMISSION: AUTOMATIC CHORD ESTIMATION WITH CHORD CORRECTION USING NEURAL NETWORK},
  author={Deng, Junqi and Kwok, Yu-Kwong},
  publisher={MIREX},
  year = {2015}
}
@article{seni2010ensemble,
  title={Ensemble methods in data mining: improving accuracy through combining predictions},
  author={Seni, Giovanni and Elder, John F},
  journal={Synthesis Lectures on Data Mining and Knowledge Discovery},
  volume={2},
  number={1},
  pages={1--126},
  year={2010},
  publisher={Morgan \& Claypool Publishers}
}

@inproceedings{bergstra2010theano,
  title={Theano: A CPU and GPU math compiler in Python},
  author={Bergstra, James and Breuleux, Olivier and Bastien, Fr{\'e}d{\'e}ric and Lamblin, Pascal and Pascanu, Razvan and Desjardins, Guillaume and Turian, Joseph and Warde-Farley, David and Bengio, Yoshua},
  booktitle={Proc. 9th Python in Science Conf},
  pages={1--7},
  year={2010}
}

@inproceedings{dressler2007tuning,
  title={Tuning Frequency Estimation Using Circular Statistics.},
  author={Dressler, Karin and Streich, Sebastian},
  booktitle={ISMIR},
  pages={357--360},
  year={2007}
}

@inproceedings{bergstra2011theano,
  title={Theano: Deep learning on gpus with python},
  author={Bergstra, James and Bastien, Fr{\'e}d{\'e}ric and Breuleux, Olivier and Lamblin, Pascal and Pascanu, Razvan and Delalleau, Olivier and Desjardins, Guillaume and Warde-Farley, David and Goodfellow, Ian and Bergeron, Arnaud and others},
  booktitle={NIPS 2011, BigLearning Workshop, Granada, Spain},
  year={2011}
}

@inproceedings{sklearn_api,
  author    = {Lars Buitinck and Gilles Louppe and Mathieu Blondel and
               Fabian Pedregosa and Andreas Mueller and Olivier Grisel and
               Vlad Niculae and Peter Prettenhofer and Alexandre Gramfort
               and Jaques Grobler and Robert Layton and Jake VanderPlas and
               Arnaud Joly and Brian Holt and Ga{\"{e}}l Varoquaux},
  title     = {{API} design for machine learning software: experiences from the scikit-learn
               project},
  booktitle = {ECML PKDD Workshop: Languages for Data Mining and Machine Learning},
  year      = {2013},
  pages = {108--122},
}

@article{deng2006dynamic,
  title={Dynamic speech models: theory, algorithms, and applications},
  author={Deng, Li},
  journal={Synthesis Lectures on Speech and Audio Processing},
  volume={2},
  number={1},
  pages={1--118},
  year={2006},
  publisher={Morgan \& Claypool Publishers}
}

@phdthesis{murphy2002dynamic,
  title={Dynamic bayesian networks: representation, inference and learning},
  author={Murphy, Kevin Patrick},
  year={2002},
  school={University of California, Berkeley}
}

@book{murphy2012machine,
  title={Machine learning: a probabilistic perspective},
  author={Murphy, Kevin P},
  year={2012},
  publisher={MIT press}
}

@article{richardson2006markov,
  title={Markov logic networks},
  author={Richardson, Matthew and Domingos, Pedro},
  journal={Machine learning},
  volume={62},
  number={1-2},
  pages={107--136},
  year={2006},
  publisher={Springer}
}

@article{sutton2007dynamic,
  title={Dynamic conditional random fields: Factorized probabilistic models for labeling and segmenting sequence data},
  author={Sutton, Charles and McCallum, Andrew and Rohanimanesh, Khashayar},
  journal={Journal of Machine Learning Research},
  volume={8},
  number={Mar},
  pages={693--723},
  year={2007}
}

@article{sutton2010introduction,
  title={An introduction to conditional random fields},
  author={Sutton, Charles and McCallum, Andrew},
  journal={arXiv preprint arXiv:1011.4088},
  year={2010}
}

@inproceedings{lafferty2001conditional,
  title={Conditional random fields: Probabilistic models for segmenting and labeling sequence data},
  author={Lafferty, John and McCallum, Andrew and Pereira, Fernando},
  booktitle={Proceedings of the eighteenth international conference on machine learning, ICML},
  volume={1},
  pages={282--289},
  year={2001}
}

@article{cortes1995support,
  title={Support-vector networks},
  author={Cortes, Corinna and Vapnik, Vladimir},
  journal={Machine learning},
  volume={20},
  number={3},
  pages={273--297},
  year={1995},
  publisher={Springer}
}

@article{tsochantaridis2005large,
  title={Large margin methods for structured and interdependent output variables},
  author={Tsochantaridis, Ioannis and Joachims, Thorsten and Hofmann, Thomas and Altun, Yasemin},
  journal={Journal of Machine Learning Research},
  volume={6},
  number={Sep},
  pages={1453--1484},
  year={2005}
}

@inproceedings{rocher2010concurrent,
  title={Concurrent Estimation of Chords and Keys from Audio.},
  author={Rocher, Thomas and Robine, Matthias and Hanna, Pierre and Oudre, Laurent and Grenier, Y and F{\'e}votte, C},
  booktitle={ISMIR},
  pages={141--146},
  year={2010}
}

@inproceedings{nguyen2007comparisons,
  title={Comparisons of sequence labeling algorithms and extensions},
  author={Nguyen, Nam and Guo, Yunsong},
  booktitle={Proceedings of the 24th international conference on Machine learning},
  pages={681--688},
  year={2007},
  organization={ACM}
}

@book{pearl2014probabilistic,
  title={Probabilistic reasoning in intelligent systems: networks of plausible inference},
  author={Pearl, Judea},
  year={2014},
  publisher={Morgan Kaufmann}
}

@book{huang1990hidden,
  title={Hidden Markov models for speech recognition},
  author={Huang, Xuedong D and Ariki, Yasuo and Jack, Mervyn A},
  volume={2004},
  year={1990},
  publisher={Edinburgh university press Edinburgh}
}

@book{huang2001spoken,
  title={Spoken language processing: A guide to theory, algorithm, and system development},
  author={Huang, Xuedong and Acero, Alex and Hon, Hsiao-Wuen and Foreword By-Reddy, Raj},
  year={2001},
  publisher={Prentice Hall PTR}
}

@article{yu2011deep,
  title={Deep learning and its applications to signal and information processing [exploratory dsp]},
  author={Yu, Dong and Deng, Li},
  journal={Signal Processing Magazine, IEEE},
  volume={28},
  number={1},
  pages={145--154},
  year={2011},
  publisher={IEEE}
}

@article{chawla2004editorial,
  title={Editorial: special issue on learning from imbalanced data sets},
  author={Chawla, Nitesh V and Japkowicz, Nathalie and Kotcz, Aleksander},
  journal={ACM Sigkdd Explorations Newsletter},
  volume={6},
  number={1},
  pages={1--6},
  year={2004},
  publisher={ACM}
}

@article{graves2012sequence,
  title={Sequence transduction with recurrent neural networks},
  author={Graves, Alex},
  journal={arXiv preprint arXiv:1211.3711},
  year={2012}
}

@book{graves2012supervised,
  title={Supervised sequence labelling},
  author={Graves, Alex},
  year={2012},
  publisher={Springer}
}

@misc{ensmethods,
  title = {Ensemble methods},
  howpublished = {\url{http://scikit-learn.org/stable/modules/ensemble.html}},
  note = {Accessed: 2016-02-16}
}

@inproceedings{cannam2010sonic,
  title={Sonic visualiser: An open source application for viewing, analysing, and annotating music audio files},
  author={Cannam, Chris and Landone, Christian and Sandler, Mark},
  booktitle={Proceedings of the 18th ACM international conference on Multimedia},
  pages={1467--1468},
  year={2010},
  organization={ACM}
}

@inproceedings{cho2010exploring,
  title={Exploring common variations in state of the art chord recognition systems},
  author={Cho, Taemin and Weiss, Ron J and Bello, Juan Pablo},
  booktitle={Proceedings of the Sound and Music Computing Conference (SMC)},
  pages={1--8},
  year={2010}
}

@inproceedings{jiang2011analyzing,
  title={Analyzing chroma feature types for automated chord recognition},
  author={Jiang, Nanzhu and Grosche, Peter and Konz, Verena and M{\"u}ller, Meinard},
  booktitle={Audio Engineering Society Conference: 42nd International Conference: Semantic Audio},
  year={2011},
  organization={Audio Engineering Society}
}

@inproceedings{zhou2015chord,
  title={CHORD DETECTION USING DEEP LEARNING},
  author={Zhou, Xinquan and Lerch, Alexander},
  booktitle={Proceedings of the 16th ISMIR Conference},
  volume={53},
  year={2015}
}

@article{ryynanen2008automatic,
  title={Automatic transcription of melody, bass line, and chords in polyphonic music},
  author={Ryyn{\"a}nen, Matti P and Klapuri, Anssi P},
  journal={Computer Music Journal},
  volume={32},
  number={3},
  pages={72--86},
  year={2008},
  publisher={MIT Press}
}

@inproceedings{yoshioka2004automatic,
  title={Automatic Chord Transcription with Concurrent Recognition of Chord Symbols and Boundaries.},
  author={Yoshioka, Takuya and Kitahara, Tetsuro and Komatani, Kazunori and Ogata, Tetsuya and Okuno, Hiroshi G},
  booktitle={ISMIR},
  pages={100--105},
  year={2004}
}

@inproceedings{yoshii2011vocabulary,
  title={A Vocabulary-Free Infinity-Gram Model for Nonparametric Bayesian Chord Progression Analysis.},
  author={Yoshii, Kazuyoshi and Goto, Masataka},
  booktitle={ISMIR},
  pages={645--650},
  year={2011}
}

@inproceedings{maddage2004content,
  title={Content-based music structure analysis with applications to music semantics understanding},
  author={Maddage, Namunu C and Xu, Changsheng and Kankanhalli, Mohan S and Shao, Xi},
  booktitle={Proceedings of the 12th annual ACM international conference on Multimedia},
  pages={112--119},
  year={2004},
  organization={ACM}
}

@article{shenoy2005key,
  title={Key, chord, and rhythm tracking of popular music recordings},
  author={Shenoy, Arun and Wang, Ye},
  journal={Computer Music Journal},
  volume={29},
  number={3},
  pages={75--86},
  year={2005},
  publisher={MIT Press}
}

@article{noland2009influences,
  title={Influences of signal processing, tone profiles, and chord progressions on a model for estimating the musical key from audio},
  author={Noland, Katy and Sandler, Mark},
  journal={Computer Music Journal},
  volume={33},
  number={1},
  pages={42--56},
  year={2009},
  publisher={MIT Press}
}

@inproceedings{papadopoulos2007large,
  title={Large-scale study of chord estimation algorithms based on chroma representation and HMM},
  author={Papadopoulos, H{\'e}lene and Peeters, Geoffroy},
  booktitle={2007 International Workshop on Content-Based Multimedia Indexing},
  pages={53--60},
  year={2007},
  organization={IEEE}
}

@inproceedings{papadopoulos2012modeling,
  title={Modeling Chord and Key Structure with Markov Logic.},
  author={Papadopoulos, H{\'e}l{\`e}ne and Tzanetakis, George},
  booktitle={ISMIR},
  pages={127--132},
  year={2012},
  organization={Citeseer}
}

@inproceedings{burgoyne2007cross,
  title={A Cross-Validated Study of Modelling Strategies for Automatic Chord Recognition in Audio.},
  author={Burgoyne, John Ashley and Pugin, Laurent and Kereliuk, Corey and Fujinaga, Ichiro},
  booktitle={ISMIR},
  pages={251--254},
  year={2007}
}

@inproceedings{weller2009structured,
  title={Structured prediction models for chord transcription of music audio},
  author={Weller, Adrian and Ellis, Daniel and Jebara, Tony},
  booktitle={Machine Learning and Applications, 2009. ICMLA'09. International Conference on},
  pages={590--595},
  year={2009},
  organization={IEEE}
}

@inproceedings{nawab2001identification,
  title={Identification of musical chords using constant-q spectra},
  author={Nawab, S Hamid and Ayyash, Salma Abu and Wotiz, Robert},
  booktitle={Acoustics, Speech, and Signal Processing, 2001. Proceedings.(ICASSP'01). 2001 IEEE International Conference on},
  volume={5},
  pages={3373--3376},
  year={2001},
  organization={IEEE}
}

@inproceedings{reed2009minimum,
  title={Minimum Classification Error Training to Improve Isolated Chord Recognition.},
  author={Reed, Jeremy and Ueda, Yushi and Siniscalchi, Sabato Marco and Uchiyama, Yuuki and Sagayama, Shigeki and Lee, Chin-Hui},
  booktitle={ISMIR},
  pages={609--614},
  year={2009},
  organization={Citeseer}
}

@article{ueda2010hmm,
  title={HMM-based approach for automatic chord detection using refined acoustic features},
  author={Ueda, Yushi and Uchiyama, Yuki and Nishimoto, Takuya and Ono, Nobutaka and Sagayama, Shigeki},
  journal={Dallas, Texas, USA},
  year={2010}
}

@inproceedings{weil2009automatic,
  title={Automatic Generation of Lead Sheets from Polyphonic Music Signals.},
  author={Weil, Jan and Sikora, Thomas and Durrieu, Jean-Louis and Richard, Ga{\"e}l},
  booktitle={ISMIR},
  pages={603--608},
  year={2009}
}

@article{weil2008hmm,
  title={An HMM-based audio chord detection system: Attenuating the main melody},
  author={Weil, Jan and Durrieu, Jean-Louis},
  journal={The Music Information Retrieval Exchange},
  year={2008},
  publisher={Citeseer}
}

@article{rabiner1989tutorial,
  title={A tutorial on hidden Markov models and selected applications in speech recognition},
  author={Rabiner, Lawrence R},
  journal={Proceedings of the IEEE},
  volume={77},
  number={2},
  pages={257--286},
  year={1989},
  publisher={IEEE}
}

@book{gardiner1985handbook,
  title={Handbook of stochastic methods},
  author={Gardiner, Crispin W and others},
  volume={3},
  year={1985},
  publisher={Springer Berlin}
}

@article{baum1970maximization,
  title={A maximization technique occurring in the statistical analysis of probabilistic functions of Markov chains},
  author={Baum, Leonard E and Petrie, Ted and Soules, George and Weiss, Norman},
  journal={The annals of mathematical statistics},
  volume={41},
  number={1},
  pages={164--171},
  year={1970},
  publisher={JSTOR}
}

@article{mauch2010simultaneous,
  title={Simultaneous estimation of chords and musical context from audio},
  author={Mauch, Matthias and Dixon, Simon},
  journal={Audio, Speech, and Language Processing, IEEE Transactions on},
  volume={18},
  number={6},
  pages={1280--1289},
  year={2010},
  publisher={IEEE}
}

@misc{garyburtoncourse,
  author={Burton, Gary},
  title={Gary {Burton} {Jazz} {Improvisation} {Course}},
  howpublished={https://www.coursera.org/learn/jazz-improvisation/},
  note = {Accessed: 2016-02-16}
}

@misc{utrechtACE,
	title={The {Utrecht} Agreement on Chord Evaluation},
	howpublished={http://www.music-ir.org/mirex/wiki/The_Utrecht_Agreement_on_Chord_Evaluation},
	note = {Accessed: 2016-07-20}
}

@book{jazzguitarbook,
  title = {Hal Leonard Guitar Method - Jazz Guitar: Hal Leonard Guitar Method Stylistic Supplement Bk/online audio},
  author={Schroedl, Jeff},
  year = {2003},
  publisher={Hal Leonard}
}

@book{jazzguitarimpro,
  title = {Jazz Improvisation For Guitar - A Harmonic Approach},
  author={Fewell, Garrison},
  year = {2010},
  publisher={Berklee Press}
}

@book{pracjazz,
  title = {The Practical Jazz Guitarist},
  author={White, Mark},
  year = {2012},
  publisher={Berklee Press}
}

@article{cannam2010linked,
  title={Linked data and you: Bringing music research software into the semantic web},
  author={Cannam, Chris and Sandler, Mark and Jewell, Michael O and Rhodes, Christophe and d'Inverno, Mark},
  journal={Journal of New Music Research},
  volume={39},
  number={4},
  pages={313--325},
  year={2010},
  publisher={Taylor \& Francis}
}

@book{lawson1995solving,
  title={Solving least squares problems},
  author={Lawson, Charles L and Hanson, Richard J},
  volume={15},
  year={1995},
  publisher={SIAM}
}

@book{klein2004sensor,
  title={Sensor and data fusion: a tool for information assessment and decision making},
  author={Klein, Lawrence A},
  volume={324},
  year={2004},
  publisher={Spie Press Bellingham\^{} eWA WA}
}

@inproceedings{koopsintegration,
  title={INTEGRATION OF CROWD-SOURCED CHORD SEQUENCES USING DATA FUSION},
  author={Koops, Hendrik Vincent and de Haas, W Bas and Volk, Anja},
  booktitle={ISMIR},
  year={2015}
}

@misc{palumbo2001beatles,
  title={The Beatles Complete Songbook},
  author={Palumbo, Sergio},
  year={2001},
  publisher={ALUS}
}

@book{randel1999harvard,
  title={The Harvard concise dictionary of music and musicians},
  author={Randel, Don Michael},
  year={1999},
  publisher={Harvard University Press}
}

@book{temperley2004cognition,
  title={The cognition of basic musical structures},
  author={Temperley, David},
  year={2004},
  publisher={MIT press}
}

@book{barbour2004tuning,
  title={Tuning and temperament: A historical survey},
  author={Barbour, James Murray},
  year={2004},
  publisher={Courier Corporation}
}

@book{therealbook6th,
  title={The Real Book: Sixth Edition},
  author={Various Jazz Musicians},
  year={2004},
  publisher={Hal Leonard Corporation}
}

@book{butterworthharmony,
  title={Harmony in Practice},
  author={Butterworth, Anna},
  year={1999},
  publisher={OUP Oxford}
}

@book{schwanauer1993machine,
  title={Machine models of music},
  author={Schwanauer, Stephan M and Levitt, David A},
  year={1993},
  publisher={MIT Press}
}

@book{levine2011jazz,
  title={The jazz piano book},
  author={Levine, Mark},
  year={2011},
  publisher={" O'Reilly Media, Inc."}
}

@book{levine2011jazztheory,
  title={The jazz theory book},
  author={Levine, Mark},
  year={2011},
  publisher={" O'Reilly Media, Inc."}
}

@book{hojnackijazz,
  title={The Berklee Book of Jazz Harmony},
  author={Hojnacki, Tom and Mulholland, Joe},
  year={2013},
  publisher={Berklee Press}
}

@book{tuningstandard,
  title={{ISO} 16:1975 Acoustics – Standard tuning frequency (Standard musical pitch).},
  author={International Organization for Standardization},
  year={1975},
  publisher={International Organization for Standardization}
}

@book{schonberg1989structural,
  title={Structural Functions of Harmony},
  author={Schonberg, Arnold},
  year={1989},
  publisher={Faber \& Faber}
}

@book{felts2002reharmonization,
  title={Reharmonization techniques},
  author={Felts, Randy},
  year={2002},
  publisher={Berklee Press Boston}
}

@book{oppenheim1983signals,
  title={Signals and systems},
  author={Oppenheim, Alan V and Willsky, Alan S and Nawab, Syed Hamid},
  volume={2},
  year={1983},
  publisher={Prentice-Hall Englewood Cliffs, NJ}
}

@article{brown1991calculation,
  title={Calculation of a constant Q spectral transform},
  author={Brown, Judith C},
  journal={The Journal of the Acoustical Society of America},
  volume={89},
  number={1},
  pages={425--434},
  year={1991},
  publisher={Acoustical Society of America}
}

@misc{iPad:JamSession,
author = "{iPad tutorial: Recording multiple GarageBand tracks with Jam Session}",
howpublished = "\url{http://www.youtube.com/watch?v=eoAHORlEDhk}",
note = "Accessed: 2014-01-5"
}

@inproceedings{wang2009designing,
author = {Wang, Ge},
title = {{Designing Smule's Ocarina : The iPhone's Magic Flute}},
booktitle = {Proceedings of the International Conference on New Interfaces for Musical Expression},
url = {http://www.nime.org/proceedings/2009/nime2009_303.pdf},
pages = {303--307},
year = {2009}
}

@misc{Apple:Dir,
author = "{Apple Inc.}",
title="DirectoryWatcher",
howpublished = "\url{https://developer.apple.com/library/ios/samplecode/DocInteraction/Listings/Classes_DirectoryWatcher_h.html}",
note = "Accessed: 2014-01-5"
}

@misc{Apple:AVAudio,
author = "{Apple Inc.}",
title="AVAudioPlayer",
howpublished = "\url{https://developer.apple.com/library/ios/documentation/AVFoundation/Reference/AVAudioPlayerClassReference/Reference/Reference.html}",
note = "Accessed: 2014-01-5"
}

@misc{Apple:CoreMIDI,
author = "{Apple Inc.}",
title="{CoreMIDI}",
howpublished = "\url{https://developer.apple.com/library/ios/documentation/MusicAudio/Reference/CACoreMIDIRef/_index.html}",
note = "Accessed: 2014-01-5"
}

@misc{Apple:bonjour,
author = "{Apple Inc.}",
title="{Bonjour}",
howpublished = "\url{https://developer.apple.com/bonjour/}",
note = "Accessed: 2014-01-5"
}

@misc{Apple:iOS,
author = "{Apple Inc.}",
title="{iOS Developer Library}",
howpublished = "\url{https://developer.apple.com/library/ios/navigation/}",
note = "Accessed: 2014-01-5"
}

@misc{PGMidi,
author = "{Pete Goodliffe}",
title="{PGMidi}",
howpublished = "\url{https://github.com/petegoodliffe/PGMidi}",
note = "Accessed: 2014-01-5"
}

@misc{AUGraph,
author = "{Apple Inc.}",
title="{AUGraph}",
howpublished = "\url{https://developer.apple.com/library/ios/documentation/AudioToolbox/Reference/AUGraphServicesReference/Reference/reference.html}",
note = "Accessed: 2014-01-5"
}

@misc{AUSampler,
author = "{Apple Inc.}",
title="{AUSampler - Loading Instruments}",
howpublished = "\url{https://developer.apple.com/library/ios/technotes/tn2283/_index.html}",
note = "Accessed: 2014-01-5"
}

@misc{AVAudioSession,
author = "{Apple Inc.}",
title="{AVAudioSession}",
howpublished = "\url{https://developer.apple.com/library/ios/documentation/AVFoundation/Reference/AVAudioSession_ClassReference/Reference/Reference.html}",
note = "Accessed: 2014-01-5"
}

@inproceedings{weinberg2009zoozbeat,
author = {Weinberg, Gil and Beck, Andrew and Godfrey, Mark},
title = {{ZooZBeat : a Gesture-based Mobile Music Studio}},
booktitle = {Proceedings of the International Conference on New Interfaces for Musical Expression},
url = {http://www.nime.org/proceedings/2009/nime2009_312.pdf},
pages = {312--315},
year = {2009}
}

@inproceedings{wang2011world,
title="{World Stage: A Crowd-sourcing Paradigm for Interactive Social}",
author={Wang, Ge and Oh, Jieun and Salazar, Spencer and Hamilton, Robert},
booktitle={Proceedings of the International Computer Music Conference},
pages={408--414},
year={2011},
}

misc{iRealb,
author = "{iReal b Pro}",
howpublished = "\url{http://irealpro.com/}",
note = "Accessed: 2014-01-5"
}

misc{bluesjam,
author = "{Blues Jam Session}",
howpublished = "\url{http://www.youtube.com/watch?v=zMgtMvyrZ4I}",
note = "Accessed: 2014-01-5"
}

@inproceedings{tanaka2004mobile,
title="{Mobile Music Making}",
author={Tanaka, Atau},
booktitle={Proceedings of the 2004 conference on New interfaces for musical expression},
pages={154--156},
year={2004}
}

@inproceedings{oh2011audience,
title="{Audience-participation Techniques Based on Social Mobile Computing}",
author={Oh, Jieun and Wang, Ge},
booktitle={Proceedings of the International Computer Music Conference},
pages={665-672},
year={2011}
}

@inproceedings{renwick2011sourcenode,
title="{Sourcenode: a Network Sourced Approach to Network Music Performance(NMP)}",
author={Renwick, Robin},
booktitle={Proceedings of the International Computer Music Conference},
pages={301--308},
year={2012}
}

@inproceedings{Blaine2003,
author = {Blaine, Tina and Fels, Sidney S.},
title = {{Contexts of Collaborative Musical Experiences}},
booktitle = {Proceedings of the International Conference on New Interfaces for Musical Expression},
url = {http://www.nime.org/proceedings/2003/nime2003_129.pdf},
pages = {129--134},
year = {2003}
}

@article{blaine2003collaborative,
title="{Collaborative Musical Experiences for Novices}",
author={Blaine, Tina and Fels, Sidney},
journal={Journal of New Music Research},
volume={32},
number={4},
pages={411--428},
year={2003},
publisher={Taylor \& Francis}
}	

@article{weinberg2005interconnected,
title="{Interconnected Musical Networks: Toward a Theoretical Framework}",
author={Weinberg, Gil},
journal={Computer Music Journal},
volume={29},
number={2},
pages={23--39},
year={2005},
publisher={MIT Press}
}

@inproceedings{burk2000jammin,
title="{Jammin'on the Web--a New Client/Server Architecture for Multi-user Musical Performance}",
author={Burk, Phil},
booktitle={Proceedings of the International Computer Music Conference},
year={2000},
}

@inproceedings{xambo2011multi,
title={{Multi-touch Interaction Principles for Collaborative Real-time Music Activities: Towards a Pattern Language}},
author={Xamb{\'o}, Anna and Laney, Robin and Dobbyn, Chris and Jord{\`a}, Sergi},
booktitle={Proceedings of the International Computer Music Conference},
year={2011}
}

inproceedings{gibson2010wireless,
title="{A Wireless, Real-time, Social Music Performance System for Mobile Phones}",
author={Gibson, Ian and Dovey, Matthew},
booktitle={International Computer Music Conference Proceedings},
year={2010},
}

inproceedings{thatcher2006mobile,
title={Mobile networked music demonstration: Sequencer404},
author={Thatcher, Travis and Jimison, David and Goetzinger, John and Freeman, Jason and Weinberg, Gil},
booktitle={International Computer Music Conference Proceedings},
year={2006}
}

\bibliographystyle{unsrt}
@misc{Mitsuko:Schoenberg,
	author = "Mitsuko Uchida",
	title = "{Mitsuko Uchida on Schoenberg's Piano Concerto}",
	howpublished = "\url{https://www.youtube.com/watch?v=PmWRttCo7lo}",
  	note = "Accessed: 2014-1-3"
}

@misc{IK:iGrand,
	author = "{iGrand Piano}",
	howpublished = "\url{http://www.ikmultimedia.com/products/igrandiphone/}",
	note = "Accessed: 2014-01-10"
}

@misc{Rambax:Sharp,
	author = "{Piano Sharp}",
	howpublished = "\url{http://rambax.com/pianosharp.html}",
	note = "Accessed: 2014-01-8"
}

@misc{Apple:Garageband,
	author = "{GarageBand for iOS}",
	howpublished = "\url{http://www.apple.com/ios/garageband/}",
	note = "Accessed: 2014-01-8"
}

@inproceedings{cyclic:Gao,
	author = "Mingfei Mike Gao",
	title = "{CYCLIC-N, a Real-time Mobile Multi-touch Application for Composition, Improvisation and Education}",
	booktitle = "Proceedings of the International Computer Music Conference",
	pages = {79--82},
	year = "2011"
}

@inproceedings{maupin2011isomorphic,
	title="{Isomorphic Tessellations for Musical Keyboards}",
	author={Maupin, Steven and Gerhard, David and Park, Brett},
	booktitle={Proceedings of Sound and Music Computing Conference},
	pages={471--478},
	year={2011}
}

@inproceedings{cook2001principles,
	author = {Cook, Perry R.},
	title = {{Principles for Designing Computer Music Controllers}},
	booktitle = {Proceedings of the International Conference on New Interfaces for Musical Expression},
	pages = {3--6},
	year = {2001}
}

@inproceedings{kruge2011madpad,
	author = {Kruge, Nick and Wang, Ge},
	title = {{MadPad : A Crowdsourcing System for Audiovisual Sampling}},
	booktitle = {Proceedings of the International Conference on New Interfaces for Musical Expression},
	pages = {185--190},
	year = {2011}
}

@misc{kontakts,
	author="{KONTAKTS}",
	howpublished="\url{http://www.native-instruments.com/en/products/komplete/synths-samplers/kontakt-5/}",
	note = "Accessed: 2014-1-14"
}

@misc{ wiki:chord-scale,
	author = "Wikipedia",
	title = "Chord-scale system --- Wikipedia{,} The Free Encyclopedia",
	year = "2014",
	url = "http://en.wikipedia.org/w/index.php?title=Chord-scale_system&oldid=589224857",
	note = "Accessed: 2014-1-16"
 }

@misc{opencv,
	author = "{OpenCV}",
	howpublished="\url{http://opencv.org/}",
}

@article{jarvinen1995tonal,
	title="{Tonal Hierarchies in Jazz Improvisation}",
	author={Jarvinen, Topi},
	journal={Music Perception},
	pages={415--437},
	year={1995},
	publisher={JSTOR}
}

@inbook{nettles1987harmony,
	title={Harmony 1--4},
	author={Nettles, B and Ulanowsky, A},
	publisher={Boston, Massachusetts: Berklee College of Music},
	pages={33--35},
	year={1987}
}

@inbook{smith2008harmony,
	author={Smith, Stuart},
	title={Jazz Theory},
	pages={73--79},
	year={2008},
	publisher={http://www.cs.uml.edu/~stu/},
	edition={4th}
}

@misc{burtonJazzImpro,
	author={Burton, Gary},
	title={{Jazz Improvisation}},
	howpublished={\url{http://www.jazzpiano.co.nz/wp-content/uploads/2012/09/Gary-Burton-Course.pdf}},
	note="Accessed: 2014-1-16 coursera lecture notes"
}

@article{o2011framework,
	title="{A Framework for the Evaluation of Digital Musical Instruments}",
	author={O'Modhrain, Sile},
	journal={Computer Music Journal},
	volume={35},
	number={1},
	pages={28--42},
	year={2011},
	publisher={MIT Press}
}

@inproceedings{johnstoncomparative,
	title="{A Comparative User Study of Two Methods of Control on a Multi-Touch Surface for Musical Expression}",
	author={Johnston, Blake and Vallis, Owen and Kapur, Ajay},
	booktitle = {Proceedings of the International Conference on New Interfaces for Musical Expression},
	year={2012}
}

@misc{dukesoundsgood,
	author={Ellington, Duke},
	title="{If it sounds good, it IS good}",
	howpublished={\url{http://en.wikiquote.org/wiki/Duke_Ellington}},
	note = "Accessed: 2014-1-8"
}